<?xml version="1.0" encoding="UTF-8"?><record xmlns="http://www.loc.gov/MARC21/slim" xmlns:cinclude="http://apache.org/cocoon/include/1.0" xmlns:zs="http://www.loc.gov/zing/srw/">
  <leader>00868cz  a2200205n  4500</leader>
  <controlfield tag="001">n 2008036894</controlfield>
  <controlfield tag="003">DLC</controlfield>
  <controlfield tag="005">20110507074933.0</controlfield>
  <controlfield tag="008">080529n| acannaabn          |b aaa      </controlfield>
  <datafield tag="010" ind1=" " ind2=" ">
    <subfield code="a">n 2008036894</subfield>
  </datafield>
  <datafield tag="035" ind1=" " ind2=" ">
    <subfield code="a">(OCoLC)oca07781404</subfield>
  </datafield>
  <datafield tag="040" ind1=" " ind2=" ">
    <subfield code="a">DLC</subfield>
    <subfield code="b">eng</subfield>
    <subfield code="c">DLC</subfield>
    <subfield code="d">InU</subfield>
  </datafield>
  <datafield tag="100" ind1="1" ind2=" ">
    <subfield code="a">Laĭus, I︠U︡. A.</subfield>
    <subfield code="q">(I︠U︡lii︠a︡ Aleksandrovna)</subfield>
  </datafield>
  <datafield tag="400" ind1="1" ind2=" ">
    <subfield code="a">Лайус, Ю. А.</subfield>
    <subfield code="q">(Юлия Александровна)</subfield>
  </datafield>
  <datafield tag="400" ind1="1" ind2=" ">
    <subfield code="a">Лайус, Юлия Александровна</subfield>
  </datafield>
  <datafield tag="400" ind1="1" ind2=" ">
    <subfield code="a">Laĭus, I︠U︡lii︠a︡ Aleksandrovna</subfield>
  </datafield>
  <datafield tag="400" ind1="1" ind2=" ">
    <subfield code="a">Lajus, J. A.</subfield>
  </datafield>
  <datafield tag="400" ind1="1" ind2=" ">
    <subfield code="a">Lajus, Julia</subfield>
  </datafield>
  <datafield tag="667" ind1=" " ind2=" ">
    <subfield code="a">Non-Latin script references not evaluated.</subfield>
  </datafield>
  <datafield tag="670" ind1=" " ind2=" ">
    <subfield code="a">Fokin, Sergeĭ Ivanovich. Morskie biologicheskie stant︠s︡ii na Russkom Severe (1881-1938), 2006:</subfield>
    <subfield code="b">t.p. (I︠U︡.A. Laĭus) added t.p. (J.A. Lajus [in rom.]) colophon (I︠U︡lii︠a︡ Aleksandrovna Laĭus)</subfield>
  </datafield>
</record>